<record><leader>00000cas a22000007a 4500</leader><controlfield tag="001">10942248</controlfield><controlfield tag="008">840712d18711874iauwr ne      0    0eng d</controlfield><controlfield tag="009">3781</controlfield><datafield ind1=" " ind2=" " tag="010"><subfield code="a">sn 84027184 </subfield></datafield><datafield ind1=" " ind2=" " tag="040"><subfield code="a">NPU</subfield><subfield code="b">eng</subfield><subfield code="c">NPU</subfield><subfield code="d">NPX</subfield><subfield code="d">INP</subfield><subfield code="d">OCLCQ</subfield></datafield><datafield ind1=" " ind2=" " tag="042"><subfield code="a">msc</subfield></datafield><datafield ind1="0" ind2="4" tag="245"><subfield code="a">The Mirror and chronicle.</subfield></datafield><datafield ind1=" " ind2=" " tag="260"><subfield code="a">Lansing, Iowa :</subfield><subfield code="b">Metcalf &amp; Co.,</subfield><subfield code="c">1871-1874.</subfield></datafield><datafield ind1=" " ind2=" " tag="300"><subfield code="a">4 v. ;</subfield><subfield code="c">66 cm.</subfield></datafield><datafield ind1=" " ind2=" " tag="310"><subfield code="a">Weekly</subfield></datafield><datafield ind1="0" ind2=" " tag="362"><subfield code="a">Vol. 1, no. 1 (July 27, 1871)-new ser., vol. 4, no. 4 (Sept. 18, 1874).</subfield></datafield><datafield ind1=" " ind2=" " tag="500"><subfield code="a">Publisher varies.</subfield></datafield><datafield ind1=" " ind2=" " tag="515"><subfield code="a">Issues for Jan. 16, 1873-Sept. 18, 1874, called new series; issues for Jan. 16, 1873-Sept. 18, 1874, called also v. 21-22.</subfield></datafield><datafield ind1=" " ind2=" " tag="515"><subfield code="a">Frequent errors in numbering.</subfield></datafield><datafield ind1=" " ind2=" " tag="752"><subfield code="a">United States</subfield><subfield code="b">Iowa</subfield><subfield code="c">Allamakee</subfield><subfield code="d">Lansing.</subfield></datafield><datafield ind1="0" ind2="4" tag="780"><subfield code="t">Lansing chronicle</subfield><subfield code="w">(DLC)sn 86061235</subfield></datafield><datafield ind1="0" ind2="4" tag="780"><subfield code="t">Lansing mirror (Lansing, Iowa : 1866)</subfield><subfield code="w">(DLC)sn 86061234</subfield></datafield><datafield ind1="0" ind2="0" tag="785"><subfield code="t">Lansing mirror (Lansing, Iowa : 1874)</subfield><subfield code="w">(DLC)sn 84038278</subfield></datafield></record>